 @misc{abc,
  title     = {SQL Injection},
  url       = {https://owasp.org/www-community/attacks/SQL_Injection},
  journal   = {SQL Injection | OWASP Foundation},
  publisher = {OWASP Foundation}
} 
 @misc{rapid7,
  title   = {Man-in-the-middle (MITM) angriffe: Methoden und prävention},
  url     = {https://www.rapid7.com/de/cybersecurity-grundlagen/man-in-the-middle-attacks/},
  journal = {Rapid7}
} 
 @misc{learning_center_2020,
  title   = {What is ARP spoofing: Arp cache poisoning attack explained: Imperva},
  url     = {https://www.imperva.com/learn/application-security/arp-spoofing/},
  journal = {Learning Center},
  year    = {2020},
  month   = {May}
} 
 @misc{hornetsecurity_2020,
  title   = {It-sicherheit: Was ist it-security und schutzmaßnahmen},
  url     = {https://www.hornetsecurity.com/de/wissensdatenbank/it-sicherheit/?_adin=01833301559#:~:text=Was%20ist%20IT-Sicherheit%3F%20Unter%20IT-Sicherheit%20versteht%20man%20den,Daten%20und%20Systemen%20durch%20unautorisierte%20Drittpersonen%20verhindert%20werden},
  journal = {Hornetsecurity},
  year    = {2020},
  month   = {Oct}
} 